<?xml version="1.0" encoding="UTF-8"?><record xmlns="http://www.loc.gov/MARC21/slim" xmlns:cinclude="http://apache.org/cocoon/include/1.0" xmlns:zs="http://www.loc.gov/zing/srw/">
  <leader>00345nz  a2200133n  4500</leader>
  <controlfield tag="001">no2007034061</controlfield>
  <controlfield tag="003">DLC</controlfield>
  <controlfield tag="005">20070330075110.0</controlfield>
  <controlfield tag="008">070315n| acannaabn          |n aaa     c</controlfield>
  <datafield tag="010" ind1=" " ind2=" ">
    <subfield code="a">no2007034061</subfield>
  </datafield>
  <datafield tag="035" ind1=" " ind2=" ">
    <subfield code="a">(OCoLC)oca07367119</subfield>
  </datafield>
  <datafield tag="040" ind1=" " ind2=" ">
    <subfield code="a">NjP</subfield>
    <subfield code="b">eng</subfield>
    <subfield code="c">NjP</subfield>
  </datafield>
  <datafield tag="100" ind1="1" ind2=" ">
    <subfield code="a">Bruno, Rosario,</subfield>
    <subfield code="d">1945-</subfield>
  </datafield>
  <datafield tag="670" ind1=" " ind2=" ">
    <subfield code="a">Rosario Bruno, 2005:</subfield>
    <subfield code="b">p. 111 (b. Sicily, 1945)</subfield>
  </datafield>
</record>